@article{murphy-chutorian_trivedi_2009, title={Head Pose Estimation in Computer Vision: A Survey}, volume={31}, DOI={10.1109/tpami.2008.106}, number={4}, journal={IEEE Transactions on Pattern Analysis and Machine Intelligence}, author={Murphy-Chutorian, E. and Trivedi, M.m.}, year={2009}, pages={607–626}}

@book{antro_points, place={United States}, title={Human Engineering Design Data Digest}, publisher={Department of defense human factors engineering technical advisory Group reston va}, year={2000}}

@article{est_for_mobile, title={Real-Time Head Pose Estimation Framework for Mobile Devices}, volume={22}, DOI={10.1007/s11036-016-0801-x}, number={4}, journal={Mobile Networks and Applications}, author={Kim, Jin and Lee, Gyun Hyuk and Jung, Jason J. and Choi, Kwang Nam}, year={2016}, pages={634–641}}